@online{econotag,
  author = "{Redwire, LLC}",
  title = {Econotag: mc13224v development board with on-board debugging},
  month = may,
  year = {2013},
  url = {http://www.redwirellc.com/store/node/1}
}

@online{mc1322,
  author = "{Freescale Semiconductor}",
  title = {MC1322x - Advanced ZigBee™ - Compliant Platform-in-Package (PiP) for the 2.4 GHz IEEE® 802.15.4 Standard},
  month = may,
  year = {2013},
  url = {http://www.freescale.com/files/rf_if/doc/data_sheet/MC1322x.pdf}
}

@online{contiki,
  author = "{Contiki-Community}",
  title = {Contiki - The Open Source OS for the Internet of Things},
  month = may,
  year = {2013},
  url = {http://www.contiki-os.org/}
}

@online{erbium,
  author = "Matthias Kovatsch",
  title = {Erbium (Er) REST Engine and CoAP Implementation for Contiki},
  organization="ETH Zurich",
  month = may,
  year = {2013},
  url = {http://people.inf.ethz.ch/mkovatsc/erbium.php}
}

@online{wireshark,
  author = "Wireshark Foundation",
  title = {Wireshark},
  organization="ETH Zurich",
  month = oct,
  year = {2013},
  url = {http://www.wireshark.org/}
}

@online{libcoap,
  author = "Olaf Bergmann",
  title = {libcoap: C-Implementation of CoAP},
  month = may,
  year = {2013},
  url = {http://libcoap.sourceforge.net}
}

@online{tinydtls,
  author = "Olaf Bergmann",
  title = {tinydtls  0.4.0},
  month = oct,
  year = {2013},
  url = {http://tinydtls.sourceforge.net/}
}

@online{openssl,
  author = "OpenSSL-Community",
  title = {OpenSSL - Cryptography and SSL/TLS Toolkit},
  month = oct,
  year = {2013},
  url = {http://www.openssl.org/}
}

@online{libmc1322x,
  author = "Mariano Alvira",
  title = {Library code for the Freescale MC13224v ARM7 SoC with 802.15.4 radio},
  month = oct,
  year = {2013},
  url = {https://github.com/malvira/libmc1322x}
}

@online{tlsparams,
  author="{Internet Assigned Numbers Authority (IANA)}",
  title="{Transport Layer Security (TLS) Parameters}",
  year=2013,
  month=jul,
  url="http://www.iana.org/assignments/tls-parameters/tls-parameters.xhtml",
}

@online{portnumbers,
  author="{Internet Assigned Numbers Authority (IANA)}",
  title="{Service Name and Transport Protocol Port Number Registry}",
  year=2013,
  month=aug,
  url="http://www.iana.org/assignments/service-names-port-numbers/service-names-port-numbers.xhtml",
}

@online{doxygen,
  author="Dimitri van Heesch",
  title="{Doxygen}",
  year=2013,
  month=aug,
  url="http://www.stack.nl/~dimitri/doxygen",
}

@online{eccori,
  author="Chris K Cockrum",
  title="{Implementation of an Elliptic Curve Cryptosystem on an 8-bit Microcontroller}",
  year=2009,
  month=apr,
  url="http://cockrum.net/Implementation_of_ECC_on_an_8-bit_microcontroller.pdf",
}

@online{armasm,
  author="Harald Kipp and Sven Köhler",
  title="{ARM GCC Inline Assembler Cookbook}",
  year=2013,
  month=aug,
  url="http://www.ethernut.de/en/documents/arm-inline-asm.html",
}

@misc{ieee802154,
  author="{LAN/MAN Standards Committee and IEEE Computer Society}",
  title="{Low-Rate Wireless Personal Area Networks (LR-WPANs)}",
  series="IEEE Standard for Local and metropolitan area networks",
  number="802.15.4",
  howpublished="IEEE 802.15.4-2011",
  publisher="IEEE-SA",
  organization="IEEE Standards Assocoation",
  year=2011,
  month=jun,
  url="http://standards.ieee.org/getieee802/download/802.15.4-2011.pdf",
}

@misc{rfc2460,
  author="S. Deering and R. Hinden",
  title="{Internet Protocol, Version 6 (IPv6) Specification}",
  series="Request for Comments",
  number="2460",
  howpublished="RFC 2460 (Proposed Standard)",
  publisher="IETF",
  organization="Internet Engineering Task Force",
  year=2009,
  month=dec,
  url="http://tools.ietf.org/html/rfc2460",
}

@misc{rfc3610,
  author="D. Whiting and R. Housley and N. Ferguson",
  title="{Counter with CBC-MAC (CCM)}",
  series="Request for Comments",
  number="3610",
  howpublished="RFC 3610 (Proposed Standard)",
  publisher="IETF",
  organization="Internet Engineering Task Force",
  year=2003,
  month=sep,
  url="http://tools.ietf.org/html/rfc3610",
}

@misc{nsp3610,
  author="{National Institute of Standards and Technology (NIST)}",
  title="{Recommendation for Block Cipher Modes of Operation: The CCM Mode for Authentication and Confidentiality}",
  series="NIST Sepcial Publication",
  number="800-38C",
  howpublished="NSP 800-38C",
  publisher="NIST",
  organization="National Institute of Standards and Technology",
  year=2004,
  month=may,
  url="http://csrc.nist.gov/publications/nistpubs/800-38C/SP800-38C.pdf",
}

@misc{rfc3986,
  author="T. Berners-Lee, R. Fielding, L. Masinter",
  title="{Uniform Resource Identifier (URI): Generic Syntax}",
  series="Request for Comments",
  number="3986",
  howpublished="RFC 3986 (Proposed Standard)",
  publisher="IETF",
  organization="Internet Engineering Task Force",
  year=2005,
  month=jan,
  url="http://tools.ietf.org/html/rfc3986",
}

@misc{rfc4279,
  author="P. Eronen and H. Tschofenig",
  title="{Pre-Shared Key Ciphersuites for Transport Layer Security (TLS)}",
  series="Request for Comments",
  number="4279",
  howpublished="RFC 4279 (Proposed Standard)",
  publisher="IETF",
  organization="Internet Engineering Task Force",
  year=2005,
  month=dec,
  url="http://tools.ietf.org/html/rfc4279",
}

@misc{rfc4492,
  author="S. Blake-Wilson and N. Bolyard and V. Gupta and C. Hawk and B. Moeller",
  title="{Elliptic Curve Cryptography (ECC) Cipher Suites for Transport Layer Security (TLS)}",
  series="Request for Comments",
  number="4492",
  howpublished="RFC 4492 (Proposed Standard)",
  publisher="IETF",
  organization="Internet Engineering Task Force",
  year=2006,
  month=may,
  url="http://tools.ietf.org/html/rfc4492",
}

@misc{rfc4493,
  author="JH. Song and R. Poovendran and J. Lee and T. Iwata",
  title="{The AES-CMAC Algorithm}",
  series="Request for Comments",
  number="4493",
  howpublished="RFC 4493 (Proposed Standard)",
  publisher="IETF",
  organization="Internet Engineering Task Force",
  year=2006,
  month=jun,
  url="http://tools.ietf.org/html/rfc4493",
}

@misc{rfc4944,
  author="G. Montenegro and N. Kushalnagar and J. Hui and D. Culler",
  title="{Transmission of IPv6 Packets over IEEE 802.15.4 Networks}",
  series="Request for Comments",
  number="4944",
  howpublished="RFC 4944 (Proposed Standard)",
  publisher="IETF",
  organization="Internet Engineering Task Force",
  year=2007,
  month=sep,
  url="http://tools.ietf.org/html/rfc4944",
}

@misc{rfc5116,
  author="D. McGrew",
  title="{An Interface and Algorithms for Authenticated Encryption}",
  series="Request for Comments",
  number="5116",
  howpublished="RFC 5116 (Proposed Standard)",
  publisher="IETF",
  organization="Internet Engineering Task Force",
  year=2008,
  month=jan,
  url="http://tools.ietf.org/html/rfc5116",
}

@misc{rfc5246,
  author="T. Dierks and E. Rescorla",
  title="{The Transport Layer Security (TLS) Protocol Version 1.2}",
  series="Request for Comments",
  number="5246",
  howpublished="RFC 5246 (Proposed Standard)",
  publisher="IETF",
  organization="Internet Engineering Task Force",
  year=2008,
  month=aug,
  url="http://tools.ietf.org/html/rfc5246",
}

@misc{rfc6347,
  author="E. Rescorla and N. Modadugu",
  title="{Datagram Transport Layer Security Version 1.2}",
  series="Request for Comments",
  number="6347",
  howpublished="RFC 6347 (Proposed Standard)",
  publisher="IETF",
  organization="Internet Engineering Task Force",
  year=2012,
  month=jan,
  url="http://tools.ietf.org/html/rfc6347",
}

@misc{rfc6655,
  author="D. McGrew and D. Bailey",
  title="{AES-CCM Cipher Suites for Transport Layer Security (TLS)}",
  series="Request for Comments",
  number="6655",
  howpublished="RFC 6655 (Proposed Standard)",
  publisher="IETF",
  organization="Internet Engineering Task Force",
  year=2012,
  month=jul,
  url="http://tools.ietf.org/html/rfc6655",
}

@misc{rfc6690,
  author="Z. Shelby",
  title="{Constrained RESTful Environments (CoRE) Link Format}",
  series="Request for Comments",
  number="6690",
  howpublished="RFC 6690 (Proposed Standard)",
  publisher="IETF",
  organization="Internet Engineering Task Force",
  year=2012,
  month=aug,
  url="http://tools.ietf.org/html/rfc6690",
}

@misc{draftaesecc,
  author="D. McGrew and D. Bailey and M. Campagna and R. Dugal",
  title="{AES-CCM ECC Cipher Suites for TLS}",
  series="Request for Comments (work in progress)",
  howpublished="Internet-Draft",
  publisher="IETF",
  organization="Internet Engineering Task Force",
  year=2011,
  month=oct,
  url="http://tools.ietf.org/html/draft-mcgrew-tls-aes-ccm-ecc-06",
}

@misc{draftcoap13,
  author="Z. Shelby and K. Hartke and C. Bormann and B. Frank",
  title="{Constrained Application Protocol (CoAP)}",
  series="Request for Comments (work in progress)",
  howpublished="Internet-Draft",
  publisher="IETF",
  organization="Internet Engineering Task Force",
  year=2012,
  month=dez,
  url="http://tools.ietf.org/html/draft-ietf-core-coap-13",
}

@misc{draftcoapblock,
  author="C. Bormann and Z. Shelby",
  title="{Blockwise transfers in CoAP}",
  series="Request for Comments (work in progress)",
  howpublished="Internet-Draft",
  publisher="IETF",
  organization="Internet Engineering Task Force",
  year=2013,
  month=jun,
  url="http://tools.ietf.org/html/draft-ietf-core-block",
}

@misc{draftcodtls,
  author="K. Hartke and O. Bergmann",
  title="{Datagram Transport Layer Security in Constrained Environments}",
  series="Request for Comments (work in progress)",
  howpublished="Internet-Draft",
  publisher="IETF",
  organization="Internet Engineering Task Force",
  year=2012,
  month=jul,
  url="http://tools.ietf.org/html/draft-hartke-core-codtls-02",
}

@misc{draftmintls,
  author="H. Tschofenig and S.S. Kumar and S. Keoh",
  title="{A Hitchhiker's Guide to the (Datagram) Transport Layer Security Protocol for Smart Objects and Constrained Node Networks}",
  series="Request for Comments (work in progress)",
  howpublished="Internet-Draft",
  publisher="IETF",
  organization="Internet Engineering Task Force",
  year=2013,
  month=jul,
  url="http://tools.ietf.org/html/draft-tschofenig-lwig-tls-minimal-03",
}

@misc{draftpractical,
  author="K. Hartke",
  title="{Practical Issues with Datagram Transport Layer Security in Constrained Environments}",
  series="Request for Comments (work in progress)",
  howpublished="Internet-Draft",
  publisher="IETF",
  organization="Internet Engineering Task Force",
  year=2013,
  month=oct,
  url="http://tools.ietf.org/html/draft-hartke-dice-practical-issues-00",
}

CCM von NIST -> http://csrc.nist.gov/publications/nistpubs/800-38C/SP800-38C.pdf

CCM Sicher ? -> http://csrc.nist.gov/groups/ST/toolkit/BCM/documents/proposedmodes/ccm/ccm-ad1.pdf
